<?xml version="1.0" encoding="UTF-8"?><collection xmlns="http://www.loc.gov/MARC21/slim"><record><leader>00581nam--2200193-i-4500</leader><controlfield tag="001">000040105</controlfield><controlfield tag="002">20161230</controlfield><controlfield tag="005">20161230201042</controlfield><controlfield tag="008">060222s1000------------r-----000-0-eng-d</controlfield><datafield ind1=" " ind2=" " tag="040"><subfield code="a">IFIN-HH</subfield></datafield><datafield ind1=" " ind2=" " tag="080"><subfield code="a">539.146:537.531:615.849:778.33</subfield></datafield><datafield ind1="1" ind2=" " tag="100"><subfield code="a">St.John, Ancel</subfield></datafield><datafield ind1="1" ind2="0" tag="245"><subfield code="a">Industrial radiology</subfield><subfield code="b">X ray and gamma rays</subfield><subfield code="c">Ancel st. john, herbert r. isenburger</subfield></datafield><datafield ind1=" " ind2=" " tag="250"><subfield code="a">Second Edition Third Printing</subfield></datafield><datafield ind1=" " ind2=" " tag="260"><subfield code="a">New York</subfield><subfield code="b">J.Willey &amp; Sons, Inc</subfield><subfield code="c">1948</subfield></datafield><datafield ind1=" " ind2=" " tag="300"><subfield code="a">IX + 298 P</subfield></datafield><datafield ind1="1" ind2=" " tag="700"><subfield code="a">Isenburger, Herbert R</subfield></datafield><datafield ind1=" " ind2=" " tag="852"><subfield code="a">1379</subfield><subfield code="c">537.531</subfield></datafield><datafield ind1=" " ind2=" " tag="CAT"><subfield code="a">Sys</subfield><subfield code="c">20110805</subfield><subfield code="h">131300</subfield></datafield></record></collection>